<?xml version="1.0" encoding="utf-8"?>
<record xmlns="http://www.loc.gov/MARC21/slim" xmlns:xsi="http://www.w3.org/2001/XMLSchema-instance" xsi:schemaLocation="http://www.loc.gov/MARC21/slim http://www.loc.gov/standards/marcxml/schema/MARC21slim.xsd">
	<leader>     nam a22        4500</leader>
	<controlfield tag="001">b12701063</controlfield>
	<controlfield tag="003">LeBAU</controlfield>
	<controlfield tag="006">m        d        </controlfield>
	<controlfield tag="007">cr cn |||m|||a</controlfield>
	<controlfield tag="008">171023s1909    le      o     ||1 0 ara d</controlfield>
	<datafield ind1=" " ind2=" " tag="040">
		<subfield code="a">NNU</subfield>
		<subfield code="b">ara</subfield>
		<subfield code="e">rda</subfield>
		<subfield code="c">NNU</subfield>
	</datafield>
	<datafield ind1=" " ind2="4" tag="050">
		<subfield code="a">DS99.A56</subfield>
		<subfield code="b">I3 1909</subfield>
	</datafield>
	<datafield ind1="0" ind2="4" tag="082">
		<subfield code="a">956.8</subfield>
		<subfield code="2">20</subfield>
	</datafield>
	<datafield ind1="1" ind2=" " tag="100">
		<subfield code="6">880-01</subfield>
		<subfield code="a">Ibn al-Shiḥnah, Muḥibb al-Dīn Muḥammad ibn Muḥammad,</subfield>
		<subfield code="d">1402-1485,</subfield>
		<subfield code="e">author.</subfield>
	</datafield>
	<datafield ind1="1" ind2="3" tag="245">
		<subfield code="6">880-02</subfield>
		<subfield code="a">al-Durr al-muntakhab fī tārīkh Mamlakat Ḥalab /</subfield>
		<subfield code="c">ta’līf al-imām al-‘ālim al-‘allāmah al-baḥr al-fahhāmah qāḍī al-quḍāt muḥibb al-dīn shaykh al-Islām wa-al-muslimīn Abī al-Faḍl Muḥammad ibn al-Shiḥnah al-Ḥalabī al-Ḥanafī al-nāẓir fī al-kalām al-shar‘īyah bi-al-diyār al-Miṣrīyah wa-sā’ir al-mamālik al-Islāmīyah ; waqafa ‘alá ṭab‘ih wa-‘allaqa ḥawāshīhi Yūsuf ibn Ilyān Sarkīs al-Dimashqī.</subfield>
	</datafield>
	<datafield ind1=" " ind2="1" tag="264">
		<subfield code="6">880-03</subfield>
		<subfield code="a">Bayrūt :</subfield>
		<subfield code="b">al-Maṭbaʻah al-Kāthūlīkīyah lil-Ābā’ al-Yasū‘īyīn,</subfield>
		<subfield code="c">1909.</subfield>
	</datafield>
	<datafield ind1=" " ind2=" " tag="300">
		<subfield code="6">880-04</subfield>
		<subfield code="a">online resource (294 pages)</subfield>
	</datafield>
	<datafield ind1=" " ind2=" " tag="336">
		<subfield code="a">text</subfield>
		<subfield code="2">rdacontent</subfield>
	</datafield>
	<datafield ind1=" " ind2=" " tag="337">
		<subfield code="a">computer</subfield>
		<subfield code="2">rdamedia</subfield>
	</datafield>
	<datafield ind1=" " ind2=" " tag="338">
		<subfield code="a">online resource</subfield>
		<subfield code="2">rdacarrier</subfield>
	</datafield>
	<datafield ind1=" " ind2=" " tag="500">
		<subfield code="a">Part of the Arabic Collections Online (ACO) project, contributed by American University of Beirut's Jafet Memorial Library.</subfield>
	</datafield>
	<datafield ind1=" " ind2=" " tag="533">
		<subfield code="a">Electronic reproduction.</subfield>
		<subfield code="b">New York, N.Y. :</subfield>
		<subfield code="c">New York University,</subfield>
		<subfield code="d">2017.</subfield>
		<subfield code="5">NNU</subfield>
	</datafield>
	<datafield ind1=" " ind2="0" tag="650">
		<subfield code="6">880-05</subfield>
		<subfield code="a">Architecture</subfield>
		<subfield code="z">Syria</subfield>
		<subfield code="z">Aleppo.</subfield>
	</datafield>
	<datafield ind1=" " ind2="0" tag="651">
		<subfield code="6">880-06</subfield>
		<subfield code="a">Aleppo (Syria)</subfield>
		<subfield code="x">History.</subfield>
	</datafield>
	<datafield ind1=" " ind2="0" tag="651">
		<subfield code="6">880-07</subfield>
		<subfield code="a">Aleppo (Syria)</subfield>
		<subfield code="x">Antiquities.</subfield>
	</datafield>
	<datafield ind1=" " ind2="0" tag="651">
		<subfield code="6">880-08</subfield>
		<subfield code="a">Aleppo (Syria)</subfield>
		<subfield code="x">Description and travel.</subfield>
	</datafield>
	<datafield ind1="1" ind2=" " tag="700">
		<subfield code="6">880-09</subfield>
		<subfield code="a">Sarkīs, Yūsuf Ilyān,</subfield>
		<subfield code="d">1856-1932 or 1933,</subfield>
		<subfield code="e">compiler.</subfield>
	</datafield>
	<datafield ind1="2" ind2=" " tag="710">
		<subfield code="a">Jafet Memorial Library.</subfield>
	</datafield>
	<datafield ind1="0" ind2=" " tag="730">
		<subfield code="a">Arabic Collections Online.</subfield>
	</datafield>
	<datafield ind1="0" ind2="8" tag="776">
		<subfield code="i">Print version:</subfield>
		<subfield code="a">Ibn al-Shiḥnah, Muḥibb al-Dīn Muḥammad ibn Muḥammad, 1402-1485, author.</subfield>
		<subfield code="t">al-Durr al-muntakhab fī tārīkh Mamlakat Ḥalab</subfield>
		<subfield code="w">(LeBAU)b12701063</subfield>
	</datafield>
	<datafield ind1="4" ind2="0" tag="856">
		<subfield code="u">http://hdl.handle.net/2333.1/9ghx3mpm</subfield>
	</datafield>
	<datafield ind1="1" ind2=" " tag="880">
		<subfield code="6">100-01/r</subfield>
		<subfield code="a">إبن الشحنة الصغير، محب الدين محمد بن محمد،</subfield>
		<subfield code="d">1402-1485،</subfield>
		<subfield code="e">مؤلف.</subfield>
		<subfield code="4">aut.</subfield>
	</datafield>
	<datafield ind1="1" ind2="2" tag="880">
		<subfield code="6">245-02/r</subfield>
		<subfield code="a">الدر المنتخب في تاريخ مملكة حلب /</subfield>
		<subfield code="c">تأليف الإمام العالم العلامة البحر الفهامة قاضي القضاة محب الدين شيخ الإسلام والمسلمين أبي الفضل محمد بن الشحنة الحلبي الحنفي الناظر في الكلام الشرعية بالديار المصرية وسائر الممالك الإسلامية ؛ وقف على طبعه وعلق حواشيه يوسف بن إليان سركيس الدمشقي.</subfield>
	</datafield>
	<datafield ind1=" " ind2="1" tag="880">
		<subfield code="6">264-03/r</subfield>
		<subfield code="a">بيروت :</subfield>
		<subfield code="b">المطبعة الكاثوليكية للآباء اليسوعيين،</subfield>
		<subfield code="c">1909.</subfield>
	</datafield>
	<datafield ind1=" " ind2=" " tag="880">
		<subfield code="6">300-04/r</subfield>
		<subfield code="a">294 صفحة ؛</subfield>
		<subfield code="c">20 سم</subfield>
	</datafield>
	<datafield ind1=" " ind2=" " tag="880">
		<subfield code="6">500-00/r</subfield>
		<subfield code="a">يتضمن كشاف.</subfield>
	</datafield>
	<datafield ind1=" " ind2="4" tag="880">
		<subfield code="6">650-05/r</subfield>
		<subfield code="a">الهندسة المعمارية</subfield>
		<subfield code="z">سوريا</subfield>
		<subfield code="z">حلب.</subfield>
	</datafield>
	<datafield ind1=" " ind2="4" tag="880">
		<subfield code="6">651-06/r</subfield>
		<subfield code="a">حلب (سوريا)</subfield>
		<subfield code="x">تاريخ.</subfield>
	</datafield>
	<datafield ind1=" " ind2="4" tag="880">
		<subfield code="6">651-07/r</subfield>
		<subfield code="a">حلب (سوريا)</subfield>
		<subfield code="x">الآثار.</subfield>
	</datafield>
	<datafield ind1=" " ind2="4" tag="880">
		<subfield code="6">651-08/r</subfield>
		<subfield code="a">حلب (سوريا)</subfield>
		<subfield code="x">وصف ورحلات.</subfield>
	</datafield>
	<datafield ind1="1" ind2=" " tag="880">
		<subfield code="6">700-09/r</subfield>
		<subfield code="a">سركيس، يوسف إليان،</subfield>
		<subfield code="d">1856-1932 او 1933،</subfield>
		<subfield code="e">معد.</subfield>
		<subfield code="4">com.</subfield>
	</datafield>
	<datafield ind1=" " ind2=" " tag="959">
		<subfield code="a">NNU</subfield>
		<subfield code="b">WEB</subfield>
		<subfield code="c">GENI</subfield>
		<subfield code="t">0</subfield>
		<subfield code="m">Electronic access</subfield>
		<subfield code="s">01</subfield>
	</datafield>
	<datafield ind1=" " ind2=" " tag="999">
		<subfield code="i">LeBAU_b12701063</subfield>
		<subfield code="s">aub_aco001265</subfield>
		<subfield code="e">(ERROR-MISC)</subfield>
		<subfield code="s">aub_aco001265</subfield>
	</datafield>
</record>
